@ARTICLE{soller,
	title = "The effectiveness of signalisation and the priority to the right simulated with Cellular Automata",
	author = "Luka Piškorec, Simon Soller",
	year = "2009"
}

@ARTICLE{bellomo,
	title = "On the Modeling of Traffic and Crowds: A Survey of Models, Speculations, and Perspectives",
	author = "Nicola Bellomo, Christian Dogbe",
	journal = "Society for Industrial and Applied Mathematics",
	year = "2011"
}

@ARTICLE{schreckenberg,
	title = "Optimizing traffic lights in a cellular automaton model for city traffic",
	author = "Elmar Brockfeld, Robert Barlovic, Andreas Schadschneider, Michael Schreckenberg",
	journal = "Physical Review E, Volume 64s",
	year = "2001"
}

@ARTICLE{buechlerwood,
	title = "Traffic Flow Comparison of Roundabouts and Crossroads",
	author = "Tony Wood, Bastian Bücheler",
	year = "2010"
}